%% LaTeX2e file `test.bib'

@misc{LinkReference1,
  title        = "Photonics Society Ghent University",
  author       = "PSG",
  howpublished = "\url{https://www.photonicssocietyghent.org/}",
}
@misc{LinkReference2,
title        = "Photobears",
author       = "UCU Berkely",
howpublished = "\url{https://photobears.berkeley.edu/}",
}
@misc{LinkReference3,
title        = "Princeton Optica Student Chapter",
author       = "Princeton University",
howpublished = "\url{https://materials.princeton.edu/education/student-organizations/princeton-optica-student-chapter}",
}
@misc{LinkReference4,
title        = "Optical Society at University of Michigan",
author       = "OSUM",
howpublished = "\url{https://maizepages.umich.edu/organization/optics}",
}
@misc{LinkReference5,
title        = "Jaypee Institute of Information Technology",
author       = "JIIT",
howpublished = "\url{https://www.jiitopticachapter.com/}",
}
@misc{LinkReference6,
title        = "University of Dhaka",
author       = "DU",
howpublished = "\url{https://osa-du.org/}",
}
@misc{LinkReference7,
title        = " Vrije Universiteit Brussel",
author       = "B-PHOT",
howpublished = "\url{https://www.b-phot.org/education/student-life/student-chapter}",
}
@misc{LinkReference8,
title        = "Photonics Society Eindhoven",
author       = "PHE",
howpublished = "\url{https://phe.tue.nl/}",
}
@misc{LinkReference9,
title        = "University of Southampton Optics and Photonics Society",
author       = "OPSOC",
howpublished = "\url{https://www.susu.org/groups/university-of-southampton-optics-and-photonics-society}",
}
@misc{LinkReference10,
title        = "IEEE Photonics Society Kyambogo University",
author       = "KYU",
howpublished = "\url{https://www.facebook.com/IEEEKyambogoUniversityPhotonicsChapter}",
}
@misc{LinkReference11,
title        = "University of Glasgow Optical Society",
author       = "Glasgow SRC",
howpublished = "\url{https://www.glasgowunisrc.org/organisation/7849/}",
}
@misc{LinkReference12,
title        = "Taiwan Photonics Society",
author       = "TPS",
howpublished = "\url{http://tps.somee.com/eng/}",
}
@misc{LinkReference13,
title        = "Photonics at UCI",
author       = "UCI",
howpublished = "\url{https://sites.uci.edu/photonics/}",
}
@misc{LinkReference14,
title        = "Strathclyde Photonics Society",
author       = "PSG",
howpublished = "\url{https://www.strathunion.com/groups/find-a-society/society/14984/}",
}
@misc{LinkReference15,
title        = "Oxford Optics and Photonics Student Society",
author       = "OXOPs",
howpublished = "\url{https://www.photonics.ox.ac.uk/students-oxops}",
}
